@article{ju2020,
  author = {Ju Young-seon and Han So-young and Park Yool Jin},
  title = {Effects of Companion Plants on Mental Health of Elderly Women Living Alone in the City},
  journal = {Journal of the Korea Institute of Garden Design},
  volume = {6},
  number = {3},
  pages = {218-227},
  year = {2020}
}

@online{hanaif_report,
  author = {Hana Financial Research Institute},
  title = {Changes in Consumer Behavior Brought by COVID-19},
  year = {2020},
  month = {May},
  day = {21},
  url = {http://www.hanaif.re.kr/boardDetail.do?hmpeSeqNo=34411}
}

@online{ajunews_article,
  author = {Choi Da-hyun},
  title = {[The Trend Is Indoor Plants] Part 1: Perfect for Relieving Pandemic Blues and Stabilizing the Emotions of the Elderly},
  year = {2021},
  month = {April},
  day = {2},
  journal = {Ajunews},
  url = {https://www.ajunews.com/view/20210401172057744}
}

@online{spcmagazine_article,
  author = {SPC-magazine},
  title = {[Trend] The Trend of Communicating with 'Leaves' in Companion Plants},
  year = {2023},
  month = {June},
  day = {16}
}
@online{hani_article,
  author = {Kim Yangjin},
  title = {Urban Farmers in Seoul Increased 14 Times in 8 Years, Agricultural Space Expanded 7 Times},
  year = {2020},
  month = {November},
  day = {30},
  journal = {Hankyoreh},
  url = {https://www.hani.co.kr/arti/area/capital/972100.html}
}
@online{donga_article,
  author = {Choi Dong-soo},
  title = {Top Housing Preferences After Retirement: 'Detached Houses' and 'Townhouses' Lead the Way},
  year = {2021},
  month = {November},
  day = {9},
  journal = {Dong-A Ilbo},
  url = {https://www.donga.com/news/Economy/article/all/20211108/110143322/1}
}
@online{mediapen_article,
  author = {Yoon Kwang-won},
  title = {Seoul enacts 'Pet Plant Industry Promotion and Support Ordinance'},
  year = {2023},
  month = {May},
  day = {15},
  journal = {MediaPen},
  url = {https://www.mediapen.com/news/view/818763}
}
@online{lge_document,
  author = {{LG Electronics}},
  title = {LG Brand Guidelines},
  year = {n.d.},
  url = {https://www.lge.co.kr/company/info/ci}
}
